@Book{JCAM-CS5,
  author    = {Jean-Pierre Croisille},
  title     = {Hermitian approximation of the spherical divergence on the Cubed-Sphere},
  year      = {2014},
  publisher = {Journal of Computational and Applied Mathematics}
}

@Book{HB-sphere-JSC-final,
  author  = {Jean-Pierre Croisille},
  title = {Hermitian compact interpolation on the Cubed-Sphere},
  year  = {2013},
  publisher = {Journal of scientific computing, Springer}
}
